
@article {Martinez-Cava2020,
    author = {Martínez-Cava, A and Hernández-Belmonte, A  and Courel-Ibáñez, J  and Morán-Navarro, R  and González-Badillo, J. J. and G. Pallarés, J},
    journal = {PLOS One},
    title = {Reliability of technologies to measure the barbell velocity: Implications for monitoring resistance training},
    year = {2020},
}

@article {Wadhi2018,
    author = {Wadhi, T and Rauch, J.T and Tamulevicius, N and Andersen, J.C and De Souza, E.O},
    journal = {Sports (Basel)},
    title = {Validity and Reliability of the GymAware Linear Position Transducer for Squat Jump and Counter-Movement Jump Height},
    year = {2018},
}

@article {Balsalobre-Fernández2021,
    author = {Balsalobre-Fernández, C and Torres-Ronda, L},
    journal = {Sports (Basel)},
    title = {The Implementation of Velocity-Based Training Paradigm for Team Sports: Framework, Technologies, Practical Recommendations and Challenges},
    year = {2021},
}

@article {Balsalobre-Fernández2017,
  
    author = {Balsalobre-Fernández, C and Marchante, D and Baz-Valle, E and Alonso-Molero, I and Jiménez, S.L. and Muñóz-López, M},
    title = {Analysis of Wearable and Smartphone-Based Technologies for the Measurement of Barbell Velocity in Different Resistance Training Exercises},      
    journal={Frontiers in Physiology},      
    year={2017},
}

@article {Balsalobre-Fernández2018,
    author = {Balsalobre-Fernández, C and Marchante, D and Jiménez, S.L. and Muñóz-López, M},
    title = {Validity and reliability of a novel iPhone app for the measurement of barbell velocity and 1RM on the bench-press exercise},
    journal = {Journal of Sports Sciences},
    year = {2018},
}

@article {Courel-Ibáñez2020,
    author = {Courel-Ibáñez, J. and Martínez-Cava, A. and Hernández-Belmonte, A and González-Badillo, J.J and Pallarés, J.G}, 
    title = {Technical Note on the Reliability of the PowerLift App for Velocity-Based Resistance Training Purposes: Response},
    journal = {Annals of Biomedical Engineering},
    year = {2020},
}

@article {Simonyan2015,
    author = {Simonyan, K and Zisserman, A},
    publisher = {International Conference on Learning Representations},
    title = {Very Deep Convolutional Networks For Large-Scale Image Recognition},
    year = {2015},
}

@article {He2016,
    author = { He, K and Zhang, X and  Ren, S and Sun, J},
    journal = {Conference on Computer Vision and Pattern Recognition (CVPR)},
    title = {Deep Residual Learning for Image Recognition},
    year = {2016},
}

@article {Howard2017,
  title={MobileNets: Efficient Convolutional Neural Networks for Mobile Vision Applications},
  author={Howard, A and Zhu, M and Chen, B and Kalenichenko, D and Wang, W and Weyand, T and Andreetto, M and Adam, H},
  journal={ArXiv},
  year={2017},
}

@article {Ren2015,
  author = {Ren, S and He, K and Girshick, R and Sun, J},
  title = {Faster {R-CNN:} Towards Real-Time Object Detection with Region Proposal Networks},
  journal   = {CoRR},
  volume    = {abs/1506.01497},
  year      = {2015},
}

@article {Redmon2015,
  author = {Redmon, J and Divvala, S.K and Girshick, R and Farhadi, A},
  title = {You Only Look Once: Unified, Real-Time Object Detection},
  journal = {CoRR},
  year = {2015},
}

@article {Liu2015,
  author    = {Liu, W and
               Dragomir Anguelov and
               Dumitru Erhan and
               Christian Szegedy and
               Scott E. Reed and
               Cheng{-}Yang Fu and
               Alexander C. Berg},
  title     = {{SSD:} Single Shot MultiBox Detector},
  journal   = {Computing Research Repository (CoRR)},
  year      = {2015},
}

@article {Pueo2021,
    author = {Pueo, B and Lopez, J.J and Mossi J.M and Colomer An and Jimenez-Olmedo J.M},
    title = {Video-Based System for Automatic Measurement of Barbell Velocity in Back Squat},
    journal = {Sensors (Basel)},
    year = {2021},
}

@article {Kasovic2021,
    author = {Kasovic, J and Martin, B and Carzoli, J.P and Zourdos, M.C and Fahs C.A},
    title = {Agreement Between the Iron Path App and a Linear Position Transducer for Measuring Average Concentric Velocity and Range of Motion of Barbell Exercises},
    journal = {Journal of Strength and Conditioning Research},
    year = {2021},
}

@article {Weakley2021,
    author = {Weakley, J and Mann, B and Banyard, H and McLaren, S and Scott, T and Garcia-Ramos, A},
    title = {Velocity-Based Training: From Theory to Application},
    journal = {Strength and Conditioning Journal},
    year = {2021},
}

@article {Babenko2009,
    author = {Boris, B and Yang, M and Belongie, S},
    title = {Visual Tracking with Online Multiple Instance Learning},
    publisher = {IEEE},
    journal = {Conference on Computer Vision and Pattern Recognition (CVPR)},
    year = {2009},
}

@article {Grabner2006,
author = {Grabner, H and Grabner, M and Bischof, H},
year = {2006},
title = {Real-Time Tracking via On-line Boosting},
journal = {Proceedings of British Machine Vision Conference (BMVC)},
}

@article{Henriques2015,
  author    = {Henriques, J and
               Caseiro, R and
               Martins, P and
               Batista, J},
  title     = {High-Speed Tracking with Kernelized Correlation Filters},
  journal   = {IEEE Transactions on Pattern Analysis and Machine Intelligence},
  year      = {2015},
}

@article {PerezCastilla2019,
author = {Pérez Castilla, A and Piepoli, A and Delgado Garcia, G and Garrido, G and García Ramos, A},
year = {2019},
title = {Reliability and Concurrent Validity of Seven Commercially Available Devices for the Assessment of Movement Velocity at Different Intensities During the Bench Press},
journal = {The Journal of Strength and Conditioning Research},
}

@misc{Wang2016,
author = {Wang, J. and Olson, E.},
year = {2016},
title = {AprilTag 2: Efficient and robust fiducial detection},
}

@misc{Krogius2019,
title = {Flexible Layouts for Fiducial Tags},
year = {2019},
author = {Krogius, M. and Haggenmiller, A. and Olson, E.},
}

@article{Janicijevic2021,
author = {Danica Janicijevic and Amador García-Ramos and Juan Luis Lamas-Cepero and Felipe García-Pinillos and Aitor Marcos-Blanco and Francisco Javier Rojas and Jonathon Weakley and Alejandro Pérez-Castilla},
title ={Comparison of the two most commonly used gold-standard velocity monitoring devices (GymAware and T-Force) to assess lifting velocity during the free-weight barbell back squat exercise},
journal = {Proceedings of the Institution of Mechanical Engineers, Part P: Journal of Sports Engineering and Technology},
volume = {0},
number = {0},
pages = {17543371211029614},
year = {2021},
doi = {10.1177/17543371211029614},
URL = {https://doi.org/10.1177/17543371211029614},
}

@article{Kato1999,
author={Kato, H. and Billinghurst, M.},
title={Marker tracking and hmd calibration for
a video-based augmented reality conferencing system},
journal={Augmented Reality, 1999.(IWAR’99) Proceedings. 2nd IEEE and ACM International Workshop on. IEEE},
year={1999},}

@article{Fiala2005,
author={Fiala, M.},
title={ARTag, a fiducial marker system using digital techniques},
journal={Computer Vision and Pattern Recognition},
year={2005},}

@article{Schaar2010,
    url = {https://doi.org/10.1007/s12394-010-0055-x},
    title = {Privacy by Design},
    year = {2010},
    author = {Schaar, P.},
}

@article {Dorrell2020,
    url = {https://pubmed.ncbi.nlm.nih.gov/30946276/},
    year = {2020},
    title = {Comparison of Velocity-Based and Traditional Percentage-Based Loading Methods on Maximal Strength and Power Adaptations},
    author = {Dorell, H.F and Smith, M.F and Gee, T.I},
    journal = {J Strength Cond Res.},
}

@article {Kuhler2022,
    url = {https://doi.org/10.1111/bioe.12886},
    year = {2022},
    title = {Exploring the phenomenon and ethical issues of AI paternalism in health apps},
    author = {Kühler, M.},
    journal = {Bioethics},
}

@article {Garrido2014,
    url = {https://doi.org/10.1016/j.patcog.2014.01.005.},
    year = {2014},
    title = {Automatic generation and detection of highly reliable fiducial markers under occlusion},
    author = {Garrido-Jurado, S. and Muñoz-Salinas, R. and Madrid-Cuevas, F.J. and  Marín-Jiménez, M.J.},
    journal = {Pattern Recognition},
}

@article {Tomasevicz2020,
    url = {https://doi.org/10.1016/j.jsams.2019.07.014},
    year = {2020},
    title = {Validity and reliability assessment of 3-D camera-based capture barbell velocity tracking device.},
    author = {Tomasevicz, CL. and Hasenkamp, RM. and Ridenour, DT and Bach, CW.},
    journal = {J Sci Med Sport},
}

